@BOOK{Nocedal:Wright:2006,
    title = {Numerical Optimization},
    author = {Jorge Nocedal AND Stephen J. Wright},
    year = {2006},
    edition = {2nd},
    publisher = {Springer}
}


    